@article{jensen2018benchmark,
  title={A benchmark and evaluation of non-rigid structure from motion},
  author={Jensen, Sebastian Hoppe Nesgaard and Del Bue, Alessio and Doest, Mads Emil Brix and Aan{\ae}s, Henrik},
  journal={arXiv preprint arXiv:1801.08388},
  year={2018}
}
@inproceedings{kucukyildiz2016contact,
  title={Contact area measurements on structured surfaces},
  author={K{\"u}c{\"u}kyildiz, {\"O}mer Can and Jensen, Sebastian Hoppe Nesgaard and De Chiffre, Leonardo},
  booktitle={Euspen's SIG Meeting},
  year={2016}
}
@inproceedings{aanaes2015our,
  title={Our 3D Vision Data-Sets in the Making},
  author={Aan{\ae}s, Henrik and Conradsen, Knut and Dal Corso, Alessandro and Dahl, Anders Bjorholm and Del Bue, Alessio and Doest, Mads and Frisvad, Jeppe Revall and Jensen, Sebastian Hoppe Nesgaard and Nielsen, Jannik Boll and Stets, Jonathan Dyssel and others},
  booktitle={The Future of Datasets in Vision 2015: CVPR 2015 Workshop},
  year={2015}
}

@article{stets2017scene,
  title={Scene reassembly after multimodal digitization and pipeline evaluation using photorealistic rendering},
  author={Stets, Jonathan Dyssel and Dal Corso, Alessandro and Nielsen, Jannik Boll and Lyngby, Rasmus Ahrenkiel and Jensen, Sebastian Hoppe Nesgaard and Wilm, Jakob and Doest, Mads Brix and Gundlach, Carsten and Eiriksson, Eythor Runar and Conradsen, Knut and others},
  journal={Applied optics},
  volume={56},
  number={27},
  pages={7679--7690},
  year={2017},
  publisher={Optical Society of America}
}
@article{jorgensen2018adaptive,
  title={An adaptive robotic system for doing pick and place operations with deformable objects},
  author={J{\o}rgensen, Troels Bo and Jensen, Sebastian Hoppe Nesgaard and Aan{\ae}s, Henrik and Hansen, Niels Wors{\o}e and Kr{\"u}ger, Norbert},
  journal={Journal of Intelligent \& Robotic Systems},
  pages={1--20},
  year={2018},
  publisher={Springer}
}

@inproceedings{bea679f5fa12427d956c45cb0ee0d1a0,
  title     = "An Error Analysis of Structured Light Scanning of Biological Tissue",
  keywords  = "3D reconstruction, Error modeling, Structured light",
  author    = "Jensen, {Sebastian Hoppe Nesgaard} and Jakob Wilm and Henrik Aan{\ae}s",
  year      = "2017",
  doi       = "10.1007/978-3-319-59126-1_12",
  language  = "English",
  isbn      = "978-3-319-59125-4",
  pages     = "135--145",
  booktitle = "Image Analysis",
  publisher = "Springer",
}
